@misc{molaData,
    title = "Mars Global Surveyor Laser Altimeter Mission Experiment Gridded Data Record",
    author = "D.E. Smith and M.T. Zuber and G.A. Neumann and E.A. Guinness and S. Slavney",
    jounrnal = "NASA Planetary Data System",
    doi = "10.17189/1519460",
    year = "2003",    
}

@misc{molaDataExtended,
    title = "Mars MGS MOLA DEM 463m v2",
    author = "MOLA Team",
    journal = "GeoScience PDS Node",
    url = "https://astrogeology.usgs.gov/search/details/Mars/GlobalSurveyor/MOLA/Mars_MGS_MOLA_DEM_mosaic_global_463m",
    year = "2020",
}

@misc{glslSpec,
    title = "The OpenGLÂ® Shading Language,Version 4.60.7",
    author = "John Kessenich and Dave Baldwin and Randi Rost",
    url = "https://www.khronos.org/registry/OpenGL/specs/gl/GLSLangSpec.4.60.pdf",
    year = "2019",
}

@article{topoDataReduction,
    title = "Terrain complexity and reduction of topographic data",
    author = "Yue-Hong Chou and Pin-Shuo Liu and Raymond J. Dezzani",
    journal = "Journal of Geographical Systems",
    doi = "10.1007/s101090050011",
    year = "1999",
}

@book{shaderDev,
    title = "Practical Shader Development",
    author = "Kyle Halladay",
    doi = "10.1007/978-1-4842-4457-9",
    year = "2019",
}
@misc{marsTrek,
    title = "New Online Exploring Tools Bring NASA's Journey to Mars to New Generation",
    author = "Dwayne Brown and Laurie Cantillo and Guy Webster and Whitney Clavin and Darryl Waller",
    url = "https://www.nasa.gov/press-release/new-online-exploring-tools-bring-nasas-journey-to-mars-to-new-generation",
    year = "2015",
}
